<record><leader>00000cas a22000007a 4500</leader><controlfield tag="001">27933357</controlfield><controlfield tag="008">930416d18uu186umauwr ne      0    0eng d</controlfield><datafield ind1=" " ind2=" " tag="010"><subfield code="a">sn 93059278 </subfield></datafield><datafield ind1=" " ind2=" " tag="040"><subfield code="a">MGN</subfield><subfield code="b">eng</subfield><subfield code="c">MGN</subfield><subfield code="d">OCLCQ</subfield></datafield><datafield ind1=" " ind2=" " tag="042"><subfield code="a">msc</subfield></datafield><datafield ind1="0" ind2="0" tag="245"><subfield code="a">South Reading gazette and Boston &amp; Maine railway advertiser.</subfield></datafield><datafield ind1=" " ind2=" " tag="260"><subfield code="a">South Reading [Wakefield], Mass. :</subfield><subfield code="b">Wm. H. Hutchinson</subfield></datafield><datafield ind1=" " ind2=" " tag="300"><subfield code="a">v. ;</subfield><subfield code="c">58 cm.</subfield></datafield><datafield ind1=" " ind2=" " tag="310"><subfield code="a">Weekly</subfield></datafield><datafield ind1=" " ind2=" " tag="588"><subfield code="a">Description based on: Vol. 5, no. 26 (Nov. 10, 1860).</subfield></datafield><datafield ind1=" " ind2=" " tag="752"><subfield code="a">United States</subfield><subfield code="b">Massachusetts</subfield><subfield code="c">Middlesex</subfield><subfield code="d">Wakefield.</subfield></datafield><datafield ind1=" " ind2=" " tag="752"><subfield code="a">United States</subfield><subfield code="b">Massachusetts</subfield><subfield code="c">Middlesex</subfield><subfield code="d">South Reading.</subfield></datafield><datafield ind1="0" ind2="0" tag="780"><subfield code="t">South Reading gazette</subfield><subfield code="w">(DLC)sn 83020715</subfield></datafield></record>